@inproceedings{smith05,
  author = "Smith, Jr, John and Jane Lucy Doe and Jo de Vere",
  title = "An example article",
  booktitle = "Proceedings of the Imaginary Society",
  month = JAN,
  year = 2005
}

@book{lamport94,
  author = "Leslie Lamport",
  title = "{\LaTeX} : a document preparation system",
  edition = "2nd",
  publisher = "Addison-Wesley",
  year = 1994
}
