@ARTICLE{mittelbach-hipfeftl,
  AUTHOR = {Mittelbach, Frank},
  DATE = {2014},
  JOURNALTITLE = {TUGboat},
  NUMBER = {3},
  PAGES = {248--254},
  TITLE = {How to Influence the Position of Float Environments like Figure and Table in \LaTeX?},
  VOLUME = {35},
}

