@inproceedings{smith05,
  author        = {Smith, Jr, John and Doe, Jane Lucy and de Vere, Jo},
  title         = {An Example Article},
  booktitle     = {Proceedings of the Imaginary Society},
  date          = {2005-01},
}

@book{lamport94,
  author        = {Lamport, Leslie},
  title         = {{\LaTeX}: A Document Preparation System},
  edition       = {2},
  publisher     = {Addison-Wesley},
  address       = {New York},
  date          = {1994},
}

@article{nagel-death,
  volume        =   4,
  number        =   1,
  author        =   {Nagel, Thomas},
  title         =   {Death},
  journal       =   {No√ªs},
  date          =   {1970-02},
  pages         =   {73--80},
  eprint        =   {2214297},
  eprinttype    =   {jstor},
}
