@incollection{smullyan-unfortunate-dualist,
  crossref       = {smullyan-needs-no-title},
  title          = {An Unfortunate Dualist},
  pages          = {53--55},
}

@incollection{smullyan-unfortunate-dualist-minds-i,
  author         = {Smullyan, Raymond M.},
  crossref       = {hof-dennett-minds-i},
  title          = {An Unfortunate Dualist},
  chapter        = 23,
  pages          = {383--388},
  commentator    = {Hofstadter, Douglas R. and Dennett, Daniel C.},
  related        = {smullyan-unfortunate-dualist},
  relatedtype    = {reprintof},
}

@collection{hof-dennett-minds-i,
  editor         = {Hofstadter, Douglas R. and Dennett, Daniel C.},
  title          = {The Mind's {I}: Fantasies and Reflections on Self and Soul},
  publisher      = {Basic Books},
  address        = {New York},
  year           = 1981,
  isbn           = {046504624X},
}

@book{smullyan-needs-no-title,
  author         = {Smullyan, Raymond M.},
  title          = {This Book Needs No Title: A Budget of Living Paradoxes},
  publisher      = {Simon {\&} Schuster/Touchstone},
  year           = {1980, 1986},
  edition        = {First {T}ouchstone},
  origpublisher  = {Prentice Hall},
  address        = {New York},
  isbn           = {0671628313},
}
